@misc{VPN:2015,
author = {pctripsesp},
year = {2015},
title = {¿Qué es una VPN?},
publisher = {pctripsesp.com},
url = {http://www.pctripsesp.com/images/PCtripsesp/VPN/VPN.png}
}

@misc{sanchez:2012,
year = {2012},
title = {Diseño de un sistema de seguridad informática para la red lan de telecomunicaciones del ministerio de minas y petroleos},
publisher = {Escuela Polictecnica Nacional - Peru},
url = {http://bibdigital.epn.edu.ec/bitstream/15000/4662/1/CD-4294.pdf}
}

@Book{protocolo:2003,
author = {Jaime Guitierrez},
year = {2003},
title = {Protocolos criptográficos y seguridad en redes},
publisher = {Universidad de Cantabria},
pages         = "9"
}

@book{wireless:desarrollo,
  author		= "Ermanno Pietrosemoli",
  editor        = "Jane Butler",
  title         = "Redes Inalambricas en los paises en desarrolo",
  edition		= 4,
  series		= "Electric Power Engineering Handbook",
  publisher     = "networktheworld.org",
  address       = "janesbutler@networktheworld.org",
  year          = "2013"
}

@book{redes:tanen,
  author		= "Andrew S. Tanenbaum",
  title         = "Redes de computadoras",
  editor        = "Prentice Hall México",
  edition		= 4,
  year          = "2003"
  isbn =			="9789702601623"
}


@misc{recursos,
      author = {Recursos-as400},
      title = {La importancia de centralizar la información de seguridad a nivel corporativo.},
      month = {Febrero},
      year = {2003},
      url = {http://www.recursos-as400.com/tendenciesit004.shtml}
}
@misc{seguridad:2013,
      author = {QA:NEWS},
      title = {Evaluación de la seguridad de los sistemas informáticos: Polícas, Estándares y Análisis de Riegos?},
      month = {Abril},
      year = {2013},
      url = {goo.gl/VSM4Xo}
}
@misc{examen:radio,
      author = {Universidad Autonoma de México},
      title = {Guía de estudio para presentar el exámen extraordinario de Física II},
      month = {Enero},
      year = {2009},
      url = {http://www.cch-sur.unam.mx/guias/experimentales/fisicaII.pdf}
}
@misc{radio:mobile,
      author = {Universidad Autonoma de México},
      title = {Radio Mobile},
      month = {Octubre},
      year = {2015},
      url = {http://www.cplus.org/rmw/rme.html}
}
@misc{google:earth,
      author = {Google Inc.},
      title = {Google Earth},
      url = {http://www.google.com/earth/}
}
@misc{sistema:micro,
      author = {Eléctronica Unicrom},
      title = {Las Microondas Aplicaciones, frecuencias, longitudes de onda},
      url = {http://unicrom.com/las-microondas-aplicaciones-frecuencia-longitudes-onda/}
}
@misc{comunicacion:satelite,
      author = {David J. Whalen},
      title = {Communications Satellites: Making the Global Village Possible},
      url = {http://www.hq.nasa.gov/office/pao/History/satcomhistory.html}
}
@book{red:vpn,
  author		= "Mario Rube?n Mansilla",
  title         = "Redes VPNs de acceso remoto",
  publisher     = "Univesidad Nacional de Patagonia San juan Bosco",
  year          = "2009"
}
@misc{rfc:2637,
      author = {K. Hamzeh},
      title = {Point-to-Point Tunneling Protocol (PPTP)},
      url = {https://tools.ietf.org/html/rfc2637}
}

@book{gamboa:1986,
  author		= "Dr Xavier Gamboa Villafranca",
  title         = "Fortalecimiento Tecnológico del Sector Social Mexicano",
  publisher     = "Escuela Superior de Ingeniería Mexcánica y Eléctrica",
  year          = "1986"
}

@book{garcia:2007,
  author		= "García Cordoba, Fernando",
  title         = "La investigación tecnológica: Investigar, idear e innovar en Ingenierías y Ciencias Sociales",
  publisher     = "Mexico: Limusa",
  year          = "2007"
}
@book{gutierrez:2003,
  author		= "Jaime Guitierrez",
  title         = "Protocolos criptográficos y seguridad en redes",
  publisher     = "Universidad de Cantabria",
  isbn =			="84-8102-345-0"
  year          = "2003"
}

@misc{protocolo:ssh,
      author = {Red Hat Enterprise},
      title = {Red Hat Enterprise Linux 4 Manual de referencia - Capítulo 20. Protocolo SSH},
      url = {http://www.gb.nrao.edu/pubcomputing/redhatELWS4/RH-DOCS/rhel-rg-es-4/ch-ssh.html}
}

@misc{protocolo:telnet,
      author = {J. Postel,J. Reynolds},
      title = {Especificación del Protocolo Telnet},
      url = {https://www.rfc-es.org/rfc/rfc0854-es.txt}
}
@misc{suqui:2010,
  author		= "Suqui Carchipulla Klever Mauricio",
  title         = "Estudio e implementacion de un radio enlace con Técnologia Mikrotik para el ISP JJsistemas en el Cantón Gualaquiza, Provincia Morona Santiago",
  year          = "2010"
  url			= "http://dspace.ups.edu.ec/bitstream/123456789/1061/13/UPS-CT002036.pdf"
}

@misc{seguridad:2004,
  title         = "Introducción a la seguridad en internet y aplicaciones",
  year          = "2004"
  url			= "http://www.capacinet.gob.mx/Cursos/Tecnologia%20amiga/desarrolladordesoftware/Seguridad_Internet_SE.pdf"
}

@misc{what:2001,
  title         = "The Internet Protocol Journal",
  year          = "2001"
  url			= "http://www.cisco.com/web/about/ac123/ac147/about_cisco_the_internet_protocol_journal.html"
}

@misc{ipvideo:2014,
  title         = "The Internet Protocol Journal",
  year          = "2014"
  url			= "http://goo.gl/9TVJoE"
}
@misc{ipvideo:2014,
  title         = "Estudio y diseño de una red IP video vigilancia para seguridad ciudadaba en la ciudad de Machala",
  author		= "Chistina Toapanta, Freddy Toaso",
  year          = "2014"
  url			= "http://goo.gl/9TVJoE"
}
@misc{ssl:2011,
  title         = "El Cifrado Web (SSL/TLS)",
  author			= "Dante Odín Ramírez López",
  year          = " 2011"
  url			= "http://revista.seguridad.unam.mx/numero-10/el-cifrado-web-ssltls"
}

@misc{routeros:2010,
  title         = "MikroTik RouterOS",
  author			= "mikrotik.com",
  year          = " 2010"
  url			= "http://www.mikrotik.com/download/pdf/what_is_routeros.pdf"
}
@misc{winbox:down,
 title         = "MikroTik RouterOS",
  author			= "mikrotik.com",
  url			= "http://www.mikrotik.com/download"
}
@misc{ley:snell,
 title         = "La ley de Snell de la refracción",
  author			= "Angel Franco García",
  url			= "http://www.sc.ehu.es/sbweb/fisica/ondas/snell/snell.htm"
}

@misc{ccir:1927,
 title         = "Focus on Radiocommunication",
  author			= "ITU",
  url			= "http://www.itu.int/en/history/Pages/FocusOnRadiocommunication.aspx"
}

@misc{radio:2009,
 title         = "La radio",
  author			= "José Luis Giordano",
  year          = " 2009"
  url			= "http://www.profisica.cl/comofuncionan/como.php?id=45"
}

@misc{propa:onda,
 title         = "Propagación de las Ondas Radioeléctricas",
  url			= "http://www.capa-f2.com/propagondas.html"
}


